<record><leader>00000cas a22000007a 4500</leader><controlfield tag="001">36466219</controlfield><controlfield tag="008">970228d195819uucaudn ne      0    0spa d</controlfield><datafield ind1=" " ind2=" " tag="010"><subfield code="a">sn 97060664 </subfield></datafield><datafield ind1=" " ind2=" " tag="040"><subfield code="a">CNK</subfield><subfield code="b">eng</subfield><subfield code="c">CNK</subfield><subfield code="d">OCLCQ</subfield><subfield code="d">OCLCF</subfield><subfield code="d">OCLCO</subfield></datafield><datafield ind1="1" ind2=" " tag="029"><subfield code="a">AU@</subfield><subfield code="b">000013142357</subfield></datafield><datafield ind1=" " ind2=" " tag="042"><subfield code="a">msc</subfield></datafield><datafield ind1=" " ind2=" " tag="043"><subfield code="a">n-us-ca</subfield></datafield><datafield ind1="0" ind2=" " tag="130"><subfield code="a">Cro&#769;nica (Calexico, Calif.)</subfield></datafield><datafield ind1="1" ind2="3" tag="245"><subfield code="a">La cro&#769;nica.</subfield></datafield><datafield ind1="3" ind2=" " tag="246"><subfield code="a">Cro&#769;nica diario independiente</subfield></datafield><datafield ind1=" " ind2=" " tag="260"><subfield code="a">Calexico, Calif. :</subfield><subfield code="b">Cristobal Garcilazo</subfield></datafield><datafield ind1=" " ind2=" " tag="300"><subfield code="a">v.</subfield></datafield><datafield ind1=" " ind2=" " tag="310"><subfield code="a">Daily (except Sun.)</subfield></datafield><datafield ind1="0" ind2=" " tag="362"><subfield code="a">No. 1 (13 oct., 1958)-</subfield></datafield><datafield ind1=" " ind2=" " tag="500"><subfield code="a">"Diario independiente" appears under masthead title.</subfield></datafield><datafield ind1=" " ind2="0" tag="651"><subfield code="a">Calexico (Calif.)</subfield><subfield code="v">Newspapers.</subfield></datafield><datafield ind1=" " ind2="7" tag="655"><subfield code="a">Newspapers.</subfield><subfield code="2">fast</subfield><subfield code="0">(OCoLC)fst01423814</subfield></datafield><datafield ind1=" " ind2="7" tag="651"><subfield code="a">California</subfield><subfield code="z">Calexico.</subfield><subfield code="2">fast</subfield><subfield code="0">(OCoLC)fst01218713</subfield></datafield><datafield ind1=" " ind2=" " tag="752"><subfield code="a">United States</subfield><subfield code="b">California</subfield><subfield code="c">Imperial</subfield><subfield code="d">Calexico.</subfield></datafield></record>